% Par ordre alphab√©tique

@phdthesis{achab2017learning,
  title={Learning from Sequences with Point Processes},
  author={Achab, Massil},
  year={2017},
  school={Universit{\'e} Paris-Saclay}
}

@article{bacry2017tick,
  title={Tick: a Python library for statistical learning, with a particular emphasis on time-dependent modelling},
  author={Bacry, Emmanuel and Bompaire, Martin and Ga{\"\i}ffas, St{\'e}phane and Poulsen, Soren},
  journal={arXiv preprint arXiv:1707.03003},
  year={2017}
}

@article{bremaud1996stability,
  title={Stability of nonlinear Hawkes processes},
  author={Br{\'e}maud, Pierre and Massouli{\'e}, Laurent},
  journal={The Annals of Probability},
  pages={1563--1588},
  year={1996},
  publisher={JSTOR}
}

@phdthesis{bompaire2019machine,
  title={Machine learning based on Hawkes processes and stochastic optimization},
  author={Bompaire, Martin},
  year={2019},
  school={Universit{\'e} Paris-Saclay}
}

@misc{chen2016thinning,
  title={Thinning Algorithms for Simulating Point Processes},
  author={Chen, Yuanda},
  year={2016},
  publisher={Florida State University, Tallahassee, FL}
}

@article{chen2017multivariate,
  title={The multivariate hawkes process in high dimensions: Beyond mutual excitation},
  author={Chen, Shizhe and Shojaie, Ali and Shea-Brown, Eric and Witten, Daniela},
  journal={arXiv preprint arXiv:1707.04928},
  year={2017}
}

@book{daley2003introduction,
  title={An introduction to the theory of point processes. Volume I: Elementary theory and methods},
  author={Daley, Daryl J and Vere-Jones, David},
  year={2003},
  series={Probability and Its Applications},
  publisher={Springer-Verlag New York}
}

@book{daley2007introduction,
  title={An introduction to the theory of point processes. Volume II: general theory and structure},
  author={Daley, Daryl J and Vere-Jones, David},
  year={2007},
  series={Probability and Its Applications},
  publisher={Springer-Verlag New York}
}

@techreport{de2019temporal,
  title={Temporal point processes},
  author={De, Abir and Upadhyay, Utkarsh and Gomez-Rodriguez, Manuel},
  year={2019},
  institution={Notes for Human-Centered ML, Saarland University}
}

@inproceedings{dupre2018multivariate,
  title={Multivariate convolutional sparse coding for electromagnetic brain signals},
  author={Dupr{\'e} La Tour, Tom and Moreau, Thomas and Jas, Mainak and Gramfort, Alexandre},
  booktitle={Proceeding conference on neural information processing systems (NIPS)},
  year={2018}
}

@article{gramfort2013meg,
  title={MEG and EEG data analysis with MNE-Python},
  author={Gramfort, Alexandre and Luessi, Martin and Larson, Eric and Engemann, Denis A and Strohmeier, Daniel and Brodbeck, Christian and Goj, Roman and Jas, Mainak and Brooks, Teon and Parkkonen, Lauri and others},
  journal={Frontiers in neuroscience},
  volume={7},
  pages={267},
  year={2013},
  publisher={Frontiers}
}

@article{hawkes1971point,
  title={Point spectra of some mutually exciting point processes},
  author={Hawkes, Alan G},
  journal={Journal of the Royal Statistical Society: Series B (Methodological)},
  volume={33},
  number={3},
  pages={438--443},
  year={1971},
  publisher={Wiley Online Library}
}

@article{hawkes1974cluster,
  title={A cluster process representation of a self-exciting process},
  author={Hawkes, Alan G and Oakes, David},
  journal={Journal of Applied Probability},
  pages={493--503},
  year={1974},
  publisher={JSTOR}
}

@inproceedings{jas2017learning,
  title={Learning the morphology of brain signals using alpha-stable convolutional sparse coding},
  author={Jas, Mainak and La Tour, Tom Dupr{\'e} and Simsekli, Umut and Gramfort, Alexandre},
  booktitle={Advances in Neural Information Processing Systems},
  pages={1099--1108},
  year={2017}
}

@inproceedings{lemonnier2014nonparametric,
  title={Nonparametric markovian learning of triggering kernels for mutually exciting and mutually inhibiting multivariate hawkes processes},
  author={Lemonnier, Remi and Vayatis, Nicolas},
  booktitle={Joint European Conference on Machine Learning and Knowledge Discovery in Databases},
  pages={161--176},
  year={2014},
  organization={Springer}
}

@article{lewis1979simulation,
  title={Simulation of nonhomogeneous Poisson processes by thinning},
  author={Lewis, PA W and Shedler, Gerald S},
  journal={Naval research logistics quarterly},
  volume={26},
  number={3},
  pages={403--413},
  year={1979},
  publisher={Wiley Online Library}
}

@article{lewis2011nonparametric,
  title={A nonparametric EM algorithm for multiscale Hawkes processes},
  author={Lewis, Erik and Mohler, George},
  journal={Journal of Nonparametric Statistics},
  volume={1},
  number={1},
  pages={1--20},
  year={2011}
}

@article{mehrdad2014hawkes,
  title={On the Hawkes process with different exciting functions},
  author={Mehrdad, Behzad and Zhu, Lingjiong},
  journal={arXiv preprint arXiv:1403.0994},
  year={2014}
}

@article{moreau2019distributed,
  title={Distributed Convolutional Dictionary Learning (DiCoDiLe): Pattern Discovery in Large Images and Signals},
  author={Moreau, Thomas and Gramfort, Alexandre},
  journal={arXiv preprint arXiv:1901.09235},
  year={2019}
}

@article{ogata1981lewis,
  title={On Lewis' simulation method for point processes},
  author={Ogata, Yosihiko},
  journal={IEEE transactions on information theory},
  volume={27},
  number={1},
  pages={23--31},
  year={1981},
  publisher={IEEE}
}

@inproceedings{xu2016learning,
  title={Learning granger causality for hawkes processes},
  author={Xu, Hongteng and Farajtabar, Mehrdad and Zha, Hongyuan},
  booktitle={International conference on machine learning},
  pages={1717--1726},
  year={2016}
}